% Encoding: UTF-8

@Article{Park+Hastie2007,
  author    = {Mee Young Park and Trevor Hastie},
  title     = {L1-regularization path algorithm for generalized linear models},
  journal   = {Journal of the Royal Statistical Society, Series B},
  year      = {2007},
  volume    = {69},
  number    = {4},
  pages     = {659--677},
  doi       = {10.1111/j.1467-9868.2007.00607.x},
  file      = {Park+Hastie2007.pdf:Park+Hastie2007.pdf:PDF},
  groups    = {Statistics},
  keywords  = {Generalized linear model; Lasso; Path algorithm; Predictor-corrector method; Regularization; Variable selection; glmpath},
  owner     = {wqh4},
  timestamp = {2021-11-02},
}

@Article{Robin+al2011,
  author    = {Xavier Robin and Natacha Turck and Alexandre Hainard and Natalia Tiberti and Fr{\'e}d{\'e}rique Lisacek and Jean-Charles Sanchez and Markus M{\"u}ller},
  title     = {{pROC}: an open-source package for {R} and {S+} to analyze and compare {ROC} curves},
  journal   = {BMC Bioinformatics},
  year      = {2011},
  volume    = {12},
  number    = {77},
  pages     = {1--8},
  doi       = {10.1186/1471-2105-12-77},
  file      = {Robin+al2011.pdf:Robin+al2011.pdf:PDF;Robin+al2011--Suppl_3.PDF:Supplements/Robin+al2011--Suppl_3.PDF:PDF;Robin+al2011--Suppl_5.PDF:Supplements/Robin+al2011--Suppl_5.PDF:PDF;Robin+al2011--Suppl_2.PDF:Supplements/Robin+al2011--Suppl_2.PDF:PDF;Robin+al2011--Suppl_4.PDF:Supplements/Robin+al2011--Suppl_4.PDF:PDF;Robin+al2011--Suppl_1.PDF:Supplements/Robin+al2011--Suppl_1.PDF:PDF},
  groups    = {Statistics},
  keywords  = {receiver operating characteristic; AUC},
  owner     = {wqh4},
  timestamp = {2020-09-11},
}

@Article{Fawcett2006,
  author    = {Tom Fawcett},
  title     = {An introduction to ROC analysis},
  journal   = {Pattern Recognition Letters},
  year      = {2006},
  volume    = {27},
  number    = {8},
  pages     = {861--874},
  doi       = {10.1016/j.patrec.2005.10.010},
  file      = {Fawcett2006.pdf:Fawcett2006.pdf:PDF},
  groups    = {Statistics},
  keywords  = {ROC analysis; Classifier evaluation; Evaluation metrics},
  owner     = {wqh4},
  timestamp = {2019-09-23},
}

@Article{Linden2006,
  author    = {Ariel Linden},
  title     = {Measuring diagnostic and predictive accuracy in disease management: an introduction to receiver operating characteristic (ROC) analysis},
  journal   = {Journal of Evaluation in Clinical Practice},
  year      = {2006},
  volume    = {12},
  number    = {2},
  pages     = {132--139},
  doi       = {10.1111/j.1365-2753.2005.00598.x},
  file      = {Linden2006.pdf:Linden2006.pdf:PDF},
  groups    = {Statistics},
  keywords  = {ROC},
  owner     = {wqh4},
  timestamp = {2020-06-24},
}

@Book{Hastie+al2009,
  author    = {Trevor Hastie and Robert Tibshirani and Jerome Friedman},
  title     = {The Elements of Statistical Learning},
  publisher = {Springer},
  year      = {2009},
  address   = {New York},
  doi       = {10.1007/b94608},
  file      = {Hastie+al2009.pdf:Hastie+al2009.pdf:PDF},
  owner     = {steve},
  timestamp = {2020-01-29},
}

@Article{Clemens+al2020,
  author    = {Sara L. Clemens and Kenneth D. Macneal and Catharina L. Alons and Jennifer E. Cohn},
  title     = {Screening algorithms to reduce burden of pediatric {HIV} testing: {A} systematic review and meta-analysis},
  journal   = {The Pediatric Infectious Disease Journal},
  year      = {2020},
  volume    = {39},
  number    = {10},
  pages     = {e303--e309},
  doi       = {10.1097/INF.0000000000002715},
  file      = {Clemens+al2020.pdf:Clemens+al2020.pdf:PDF},
  groups    = {HIV},
  keywords  = {HIV screening},
  owner     = {wqh4},
  timestamp = {2020-12-04},
}

@Comment{jabref-meta: databaseType:bibtex;}
