@Article{Park+Hastie2007,
  author    = {Mee Young Park and Trevor Hastie},
  title     = {L1-regularization path algorithm for generalized linear models},
  journal   = {Journal of the Royal Statistical Society, Series B},
  year      = {2007},
  volume    = {69},
  number    = {4},
  pages     = {659--677}
}

@Article{Robin+al2011,
  author    = {Xavier Robin and Natacha Turck and Alexandre Hainard and Natalia Tiberti and Frédérique Lisacek and Jean-Charles Sanchez and Markus Müller},
  title     = {{pROC}: an open-source package for {R} and {S+} to analyze and compare {ROC} curves},
  journal   = {BMC Bioinformatics},
  year      = {2011},
  volume    = {12},
  number    = {77},
  pages     = {1--8}
}

@Article{Fawcett2006,
  author    = {Tom Fawcett},
  title     = {An introduction to ROC analysis},
  journal   = {Pattern Recognition Letters},
  year      = {2006},
  volume    = {27},
  number    = {8},
  pages     = {861--874}
}

@Article{Linden2006,
  author    = {Ariel Linden},
  title     = {Measuring diagnostic and predictive accuracy in disease management: an introduction to receiver operating characteristic (ROC) analysis},
  journal   = {Journal of Evaluation in Clinical Practice},
  year      = {2006},
  volume    = {12},
  number    = {2},
  pages     = {132--139}
}

@Book{Hastie+al2009,
  author    = {Trevor Hastie and Robert Tibshirani and Jerome Friedman},
  title     = {The Elements of Statistical Learning},
  publisher = {Springer},
  year      = {2009},
  address   = {New York}
}

@Article{Clemens+al2020,
  author    = {Sara L. Clemens and Kenneth D. Macneal and Catharina L. Alons and Jennifer E. Cohn},
  title     = {Screening algorithms to reduce burden of pediatric {HIV} testing: {A} systematic review and meta-analysis},
  journal   = {The Pediatric Infectious Disease Journal},
  year      = {2020},
  volume    = {39},
  number    = {10},
  pages     = {e303--e309}
}
